@article{yaga2019blockchain,
  title={Blockchain technology overview},
  author={Yaga, Dylan and Mell, Peter and Roby, Nik and Scarfone, Karen},
  journal={arXiv preprint arXiv:1906.11078},
  year={2019},
  pages={IV-V}
}
@article{kane2017blockchain,
  title={Is Blockchain a General Purpose Technology?},
  author={Kane, Ethan},
  journal={Available at SSRN 2932585},
  year={2017}
}